@article{at-free-independent-sets,
	author = {Broersma, H., Kloks, T., Kratsch, D. and Müller, H.},
	title = {Independent Sets in Asteroidal Triple-Free Graphs},
	journal = {SIAM Journal on Discrete Mathematics},
	volume = {12},
	number = {2},
	pages = {276-287},
	year = {1999}
}

@article{at-free-domination,
	author = {Dieter Kratsch},
	title = {Domination and total domination on asteroidal triple-free graphs},
	journal = {Discrete Applied Mathematics},
	volume = {99},
	number = {1-3},
	pages = {111-123},
	year = {2000}
}


@article{at-free-3-colouring,
	author = {3-Colouring AT-Free Graphs in Polynomial Time},
	title = {Juraj Stacho},
	journal = {Algorithmica},
	volume = {64},
	number = {3},
	pages = {384-399},
	year = {2012}
}

@article{ref-20-independent-sets,
	author = {C. G. Lekkerkerker and J. Ch. Boland},
	title = {Representation of a finite graph by a set of intervals on the real line},
	journal = {Fund. Math},
	volume = {51},
	number = {1},
	pages = {45-64},
	year = {1964}
}

@article{tolerance-graphs-recognition,
	author = {Mertzios, G.B., Sau, I. and Zaks, S.},
	title = {The Recognition of Tolerance and Bounded Tolerance Graphs},
	journal = {SIAM Journal on Computing},
	volume = {40},
	number = {5},
	pages = {1234-1257},
	year = {2011}
}

@article{arnborg-combinatorial-algorithms,
	author = {Arnborg S.},
	title = {Efficient algorithms for combinatorial problems on graphs with bounded decomposability — A survey},
	journal = {Bit Numerical Mathematics},
	volume = {25},
	number = {1},
	pages = {1-23},
	year = {1985}
}

@article{johnson-np-completeness-column,
	author = {Johnson D.S.},
	title = {The NP-completeness column: an ongoing guide},
	journal = {J. Algorithms},
	volume = {5},
	pages = {147-160},
	year = {1984}
}

@article{chang-domination-interval-circular-arc,
	author = {Chang M.-S.},
	title = {Efficient Algorithms for the Domination Problems on Interval and Circular-Arc Graphs},
	journal = {SIAM Journal on Computing},
	volume = {27},
	number = {6},
	pages = {1671-1694},
	year = {1998}
}

@article{chang-labelling-sunfree-chordal,
	author = {Chang G.J.},
	title = {Labelling algorithms for domination problems in sunfree chordal graphs},
	journal = {Discrete Appl. Math.},
	volume = {22},
	pages = {21-34},
	year = {1988}
}

@article{farber-strongly-chordal-duality,
	author = {Farber M.},
	title = {Domination, independent domination, and duality in strongly chordal graphs},
	journal = {Discrete Appl. Math.},
	volume = {7},
	pages = {115-130},
	year = {1984}
}

@article{corneil-perl-clustering-domination,
	author = {Corneil, D.G. and Perl, Y.},
	title = {Clustering and domination in perfect graphs},
	journal = {Discrete Appl. Math.},
	volume = {9},
	pages = {27-39},
	year = {1984}
}

@article{corneil-stewart-dominating-perfect-graphs,
	author = {Corneil, D.G. and Stewart, L.},
	title = {Dominating sets in perfect graphs},
	journal = {Discrete Math.},
	volume = {86},
	pages = {145-164},
	year = {1990}
}

@article{farber-keil-domination-permutation,
	author = {Farber, M. and Keil, M.},
	title = {Domination in permutation graphs},
	journal = {J. Algorithms},
	volume = {6},
	pages = {309-321},
	year = {1985}
}

@article{rhee-liang-dhall-lakshmivarahan-permutation-graph-algorithm,
	author = {Rhee, C., Liang, Y.D., Dhall, S.K. and Lakshmivarahan, S.},
	title = {An O(n + m)-time algorithm for finding a minimum-weight dominating set in a permutation graph},
	journal = {SIAM J. Comput.},
	volume = {25},
	pages = {404-419},
	year = {1996}
}


@article{elmallah-stewart-polygon-graphs,
	author = {Elmallah, E.S. and Stewart, L.K.},
	title = {Independence and domination in polygon graphs},
	journal = {Discrete Appl. Math.},
	volume = {44},
	pages = {65-77},
	year = {1993}
}

@article{kratsch-stewart-cocomparability-domination,
	author = {Kratsch, D. and Stewart, L.},
	title = {Domination on cocomparability graphs},
	journal = {SIAM J. Discrete Math.},
	volume = {6},
	pages = {400-417},
	year = {1993}
}

@article{chang-domination-interval-circular-arc-1998,
	author = {Chang M.S.},
	title = {Efficient algorithms for the domination problems on interval and circular-arc graphs},
	journal = {SIAM J. Comput.},
	volume = {27},
	pages = {1671-1694},
	year = {1998}
}

@article{brandstadt-chepoi-dragan-hypertree-1998,
	author = {Brandstädt, A. and Chepoi, V.D. and Dragan, F.F.},
	title = {The algorithmic use of hypertree structure and maximum neighbourhood orderings},
	journal = {Discrete Applied Mathematics},
	volume = {82},
	number = {1-3},
	pages = {43-77},
	year = {1998}
}

@unpublished{breu-kirkpatrick-cocomparability-graphs,
	author = {H. Breu, D.G. Kirkpatrick},
	title = {Algorithms for dominating and Steiner set problems in cocomparability graphs},
	note = {manuscript},
	year = {1993}
}

@book{garey-johnson-np-completeness,
	author = {Garey, M.R., Johnson, D.S.},
	title = {Computers and Intractability: A Guide to the Theory of NP-Completeness},
	publisher = {Freeman},
	address = {New York},
	year = {1979}
}

@article{garey-johnson-stockmeyer-simplified-np,
	author = {Garey, M.R., Johnson, D., Stockmeyer, L.},
	title = {Some simplified NP-complete graph problems},
	journal = {Theor. Comput. Sci.},
	volume = {1},
	pages = {237--267},
	year = {1976}
}



@article{garey-johnson-stockmeyer-simplified-np,
	author = {Garey, M.R., Johnson, D., Stockmeyer, L.},
	title = {Some simplified NP-complete graph problems},
	journal = {Theor. Comput. Sci.},
	volume = {1},
	pages = {237--267},
	year = {1976}
}



@article{garey-johnson-stockmeyer-simplified-np,
	author = {Garey, M.R., Johnson, D., Stockmeyer, L.},
	title = {Some simplified NP-complete graph problems},
	journal = {Theor. Comput. Sci.},
	volume = {1},
	pages = {237--267},
	year = {1976}
}

@article{holyer-np-completeness-edge-coloring,
	author = {Holyer, I.},
	title = {The NP-completeness of edge-coloring},
	journal = {SIAM J. Comput.},
	volume = {10},
	pages = {718--720},
	year = {1981}
}

@article{dailey-uniqueness-colorability-np-complete,
	author = {Dailey, D.P.},
	title = {Uniqueness of colorability and colorability of planar 4-regular graphs are NP-complete},
	journal = {Discrete Math.},
	volume = {30},
	pages = {289--293},
	year = {1980}
}

@book{golumbic-algorithmic-graph-theory-perfect-graphs,
	author = {Golumbic, M.C.},
	title = {Algorithmic Graph Theory and Perfect Graphs},
	publisher = {North-Holland},
	address = {Amsterdam},
	edition = {2nd edn},
	year = {2004}
}

@article{grotschel-lovasz-schrijver-ellipsoid-method,
	author = {Grötschel, M., Lovász, L., Schrijver, A.},
	title = {The ellipsoid method and its consequences in combinatorial optimization},
	journal = {Combinatorica},
	volume = {1},
	pages = {169--197},
	year = {1981}
}

@online{pyvis-docs,
	author = {{pyvis Contributors}},
	title = {Interactive network visualizations — pyvis 0.1.3.1 documentation},
	year = {n.d.},
	url = {https://pyvis.readthedocs.io/en/latest/},
	note = {Version 0.1.3.1},
}






